<?xml version="1.0"?>
<collection xmlns="http://www.loc.gov/MARC21/slim">
  <record>
    <leader>01473nam a2200349 a 4500</leader>
    <controlfield tag="001">cihm_29333</controlfield>
    <controlfield tag="003">CaSfIA</controlfield>
    <controlfield tag="005">20160212080554.0</controlfield>
    <controlfield tag="007">cr||||||||||||</controlfield>
    <controlfield tag="008">831223s1885    onc     b     000 0 eng d</controlfield>
    <datafield tag="020" ind1=" " ind2=" ">
      <subfield code="a">066529333X</subfield>
    </datafield>
    <datafield tag="035" ind1=" " ind2=" ">
      <subfield code="a">ocn317762550</subfield>
    </datafield>
    <datafield tag="040" ind1=" " ind2=" ">
      <subfield code="a">CaOOCIHM</subfield>
      <subfield code="b">eng</subfield>
      <subfield code="d">AEU</subfield>
      <subfield code="d">CaSfIA</subfield>
    </datafield>
    <datafield tag="082" ind1="0" ind2=" ">
      <subfield code="a">252</subfield>
      <subfield code="2">19</subfield>
    </datafield>
    <datafield tag="090" ind1=" " ind2=" ">
      <subfield code="a">FC 02 0203 no. 29333</subfield>
      <subfield code="b">AEU</subfield>
    </datafield>
    <datafield tag="100" ind1="1" ind2=" ">
      <subfield code="a">Jones, J. Cynddylan</subfield>
      <subfield code="q">(John Cynddylan),</subfield>
      <subfield code="d">1840-1930.</subfield>
    </datafield>
    <datafield tag="245" ind1="1" ind2="0">
      <subfield code="a">Studies in the Gospel according to St. John</subfield>
      <subfield code="h">[electronic resource] </subfield>
      <subfield code="c">by J. Cynddylan Jones.</subfield>
    </datafield>
    <datafield tag="260" ind1=" " ind2=" ">
      <subfield code="a">Toronto :</subfield>
      <subfield code="b">W. Briggs;</subfield>
      <subfield code="a">Montreal :</subfield>
      <subfield code="b">C.W. Coates,</subfield>
      <subfield code="c">1885.</subfield>
    </datafield>
    <datafield tag="300" ind1=" " ind2=" ">
      <subfield code="a">4 microfiches (183 fr.).</subfield>
    </datafield>
    <datafield tag="490" ind1="1" ind2=" ">
      <subfield code="a">CIHM/ICMH Microfiche series = CIHM/ICMH collection de microfiches ;</subfield>
      <subfield code="v">no. 29333</subfield>
    </datafield>
    <datafield tag="500" ind1=" " ind2=" ">
      <subfield code="a">Collection of sermons discussing the principal passages in the Gospel according to St. John.</subfield>
    </datafield>
    <datafield tag="500" ind1=" " ind2=" ">
      <subfield code="a">Includes publisher's list.</subfield>
    </datafield>
    <datafield tag="533" ind1=" " ind2=" ">
      <subfield code="a">Filmed from a copy of the original publication held by the National Library of Canada.</subfield>
      <subfield code="b">Ottawa :</subfield>
      <subfield code="c">Canadian Institute for Historical Microreproductions,</subfield>
      <subfield code="d">1982.</subfield>
    </datafield>
    <datafield tag="534" ind1=" " ind2=" ">
      <subfield code="e">vii, 322, 4, 10 p. ; 19 cm.</subfield>
    </datafield>
    <datafield tag="596" ind1=" " ind2=" ">
      <subfield code="a">43</subfield>
    </datafield>
    <datafield tag="630" ind1="0" ind2="0">
      <subfield code="a">Bible.</subfield>
      <subfield code="p">N.T.</subfield>
      <subfield code="p">John</subfield>
      <subfield code="x">Criticism, interpretation, etc.</subfield>
    </datafield>
    <datafield tag="630" ind1="0" ind2="0">
      <subfield code="a">Bible.</subfield>
      <subfield code="p">N.T.</subfield>
      <subfield code="x">Sermons.</subfield>
    </datafield>
    <datafield tag="630" ind1="0" ind2="6">
      <subfield code="a">Bible.</subfield>
      <subfield code="p">N.T.</subfield>
      <subfield code="p">Jean</subfield>
      <subfield code="x">Critique, interpr&#xC3;&#xA9;tation, et</subfield>
    </datafield>
    <!-- No separator at end of field length=56 -->
    <!-- Bad indicator data. Skipping 2 bytes -->
    <datafield tag="630" ind1="0" ind2="6">
      <subfield code="a">Bible.</subfield>
      <subfield code="p">N.T.</subfield>
      <subfield code="x">Sermons.</subfield>
    </datafield>
    <!-- Bad indicator data. Skipping 2 bytes -->
    <datafield tag="830" ind1=" " ind2="0">
      <subfield code="a">CIHM/ICMH microfiche series ;</subfield>
      <subfield code="v">no. 29333</subfield>
    </datafield>
    <!-- Bad indicator data. Skipping 2 bytes -->
    <datafield tag="856" ind1="4" ind2="1">
      <subfield code="u">http://archive.org/details/cihm_29333</subfield>
      <subfield code="z">Free eBook from the Internet Archive</subfield>
    </datafield>
    <datafield tag="856" ind1="4" ind2="2">
      <subfield code="u">http://www.openlibrary.org/books/OL24231003M</subfield>
      <subfield code="z">Additional information and access via Open Library</subfield>
    </datafield>
    <!-- Bad indicator data. Skipping 2 bytes -->
    <datafield tag="016" ind1=" " ind2=" ">
      <subfield code="a"> 836190440</subfield>
    </datafield>
    <!-- Bad indicator data. Skipping 2 bytes -->
  </record>
</collection>
